<record><leader>00000cas a22000007a 4500</leader><controlfield tag="001">17892673</controlfield><controlfield tag="008">880504d19791980ohuwr ne      0    0eng d</controlfield><datafield ind1=" " ind2=" " tag="010"><subfield code="a">sn 88078501 </subfield></datafield><datafield ind1=" " ind2=" " tag="040"><subfield code="a">ONP</subfield><subfield code="b">eng</subfield><subfield code="c">ONP</subfield><subfield code="d">OCLCQ</subfield></datafield><datafield ind1=" " ind2=" " tag="042"><subfield code="a">msc</subfield></datafield><datafield ind1="0" ind2=" " tag="130"><subfield code="a">Press (Rittman, Ohio)</subfield></datafield><datafield ind1="1" ind2="4" tag="245"><subfield code="a">The Press.</subfield></datafield><datafield ind1=" " ind2=" " tag="260"><subfield code="a">Rittman, Ohio :</subfield><subfield code="b">Suburban Media Inc.,</subfield><subfield code="c">1979-1980.</subfield></datafield><datafield ind1=" " ind2=" " tag="310"><subfield code="a">Weekly</subfield></datafield><datafield ind1="0" ind2=" " tag="362"><subfield code="a">Vol. 66, no. 19 (Jan. 24, 1979)-v. 68, no. 1 (Oct. 1, 1980).</subfield></datafield><datafield ind1=" " ind2=" " tag="752"><subfield code="a">United States</subfield><subfield code="b">Ohio</subfield><subfield code="c">Wayne</subfield><subfield code="d">Rittman.</subfield></datafield><datafield ind1="0" ind2="0" tag="780"><subfield code="t">Rittman press</subfield><subfield code="w">(DLC)sn 88078502</subfield></datafield><datafield ind1="0" ind2="0" tag="785"><subfield code="t">Main Street press (Rittman, Ohio)</subfield><subfield code="w">(DLC)sn 88078500</subfield></datafield></record>